@FOOTNOTE{Note1,key="Note1",note="We use brackets to denote the Fourier-transformed operators' dependence on the wavevector. On the other hand, for real space operators we use subscripts for their coordinate dependence as usual."}
@CONTROL{REVTEX42Control}
@CONTROL{apsrev42Control,author="08",editor="1",pages="0",title="0",year="1"}
