@misc{_phys_,
  title = {Phys. {{Rev}}. {{X}} 5, 041040 (2015) - {{Parafermions}} in a {{Kagome Lattice}} of {{Qubits}} for {{Topological Quantum Computation}}},
  urldate = {2024-11-15},
  howpublished = {https://journals.aps.org/prx/abstract/10.1103/PhysRevX.5.041040}
}

@misc{_simple_,
  title = {Simple Variational Ground State and Pure-Cat-State Generation in the Quantum {{Rabi}} Model {\textbar} {{Phys}}. {{Rev}}. {{A}}},
  urldate = {2025-08-08},
  howpublished = {https://journals.aps.org/pra/abstract/10.1103/PhysRevA.96.043834}
}

@misc{aharonov_polynomial_2007,
  title = {Polynomial {{Quantum Algorithms}} for {{Additive}} Approximations of the {{Potts}} Model and Other {{Points}} of the {{Tutte Plane}}},
  author = {Aharonov, Dorit and Arad, Itai and Eban, Elad and Landau, Zeph},
  year = {2007},
  month = feb,
  number = {arXiv:quant-ph/0702008},
  eprint = {quant-ph/0702008},
  publisher = {arXiv},
  urldate = {2024-10-09},
  archiveprefix = {arXiv},
  keywords = {Quantum Physics}
}

@misc{aharonovPolynomialQuantumAlgorithms2007a,
  title = {Polynomial {{Quantum Algorithms}} for {{Additive}} Approximations of the {{Potts}} Model and Other {{Points}} of the {{Tutte Plane}}},
  author = {Aharonov, Dorit and Arad, Itai and Eban, Elad and Landau, Zeph},
  year = {2007},
  month = feb,
  number = {arXiv:quant-ph/0702008},
  eprint = {quant-ph/0702008},
  publisher = {arXiv},
  urldate = {2024-10-09},
  archiveprefix = {arXiv},
  keywords = {Quantum Physics}
}

@article{albert_quantum_2012,
  title = {Quantum {{Rabi Model}} for {{N}} -{{State Atoms}}},
  author = {Albert, Victor V.},
  year = {2012},
  month = may,
  journal = {Phys. Rev. Lett.},
  volume = {108},
  number = {18},
  pages = {180401},
  issn = {0031-9007, 1079-7114},
  doi = {10.1103/PhysRevLett.108.180401},
  urldate = {2024-04-15},
  copyright = {http://link.aps.org/licenses/aps-default-license},
  langid = {english}
}

@article{alicea_topological_2016,
  title = {Topological {{Phases}} with {{Parafermions}}: {{Theory}} and {{Blueprints}}},
  author = {Alicea, Jason and Fendley, Paul},
  year = {2016},
  month = mar,
  journal = {Annu. Rev. Condens. Matter Phys.},
  volume = {7},
  number = {1},
  pages = {119--139},
  publisher = {Annual Reviews},
  issn = {1947-5462},
  doi = {10.1146/ANNUREV-CONMATPHYS-031115-011336},
  keywords = {non-Abelian anyons,quantum Hall effect,superconductivity,topological quantum computation}
}

@article{allman_tunable_2014,
  title = {Tunable {{Resonant}} and {{Nonresonant Interactions}} between a {{Phase Qubit}} and \${{LC}}\$ {{Resonator}}},
  author = {Allman, M.S. and Whittaker, J.D. and {Castellanos-Beltran}, M. and Cicak, K. and {da Silva}, F. and DeFeo, M.P. and Lecocq, F. and Sirois, A. and Teufel, J.D. and Aumentado, J. and Simmonds, R.W.},
  year = {2014},
  month = mar,
  journal = {Phys. Rev. Lett.},
  volume = {112},
  number = {12},
  pages = {123601},
  publisher = {American Physical Society},
  doi = {10.1103/PhysRevLett.112.123601},
  urldate = {2024-10-10}
}

@misc{antonopoulos_grand_2025,
  title = {Grand {{Unification}} of {{All Discrete Wigner Functions}} on \$d {\textbackslash}times d\$ {{Phase Space}}},
  author = {Antonopoulos, Lucky K. and Lewis, Dominic G. and Davis, Jack and Funai, Nicholas and Menicucci, Nicolas C.},
  year = {2025},
  month = mar,
  number = {arXiv:2503.09353},
  eprint = {2503.09353},
  primaryclass = {quant-ph},
  publisher = {arXiv},
  urldate = {2025-05-16},
  archiveprefix = {arXiv},
  keywords = {Quantum Physics}
}

@article{ashhab_qubitoscillator_2010,
  title = {Qubit-Oscillator Systems in the Ultrastrong-Coupling Regime and Their Potential for Preparing Nonclassical States},
  author = {Ashhab, S. and Nori, Franco},
  year = {2010},
  month = apr,
  journal = {Phys. Rev. A},
  volume = {81},
  number = {4},
  pages = {042311},
  publisher = {American Physical Society},
  doi = {10.1103/PhysRevA.81.042311},
  urldate = {2025-08-08}
}

@article{astafiev_resonance_2010,
  title = {Resonance {{Fluorescence}} of a {{Single Artificial Atom}}},
  author = {Astafiev, O. and Zagoskin, A. M. and Abdumalikov, A. A. and Pashkin, {\relax Yu}. A. and Yamamoto, T. and Inomata, K. and Nakamura, Y. and Tsai, J. S.},
  year = {2010},
  month = feb,
  journal = {Science},
  volume = {327},
  number = {5967},
  pages = {840--843},
  publisher = {American Association for the Advancement of Science},
  doi = {10.1126/science.1181918},
  urldate = {2025-08-18}
}

@misc{baxter_critical_,
  title = {Critical {{Antiferromagnetic Square-Lattice Potts Model}} on {{JSTOR}}},
  author = {Baxter, Rodney},
  eprint = {2397349},
  eprinttype = {jstor}
}

@article{baxter_critical_1982,
  title = {Critical {{Antiferromagnetic Square-Lattice Potts Model}}},
  author = {Baxter, R. J.},
  year = {1982},
  journal = {Proc. R. Soc. Lond. Ser. Math. Phys. Sci.},
  volume = {383},
  number = {1784},
  eprinttype = {jstor},
  pages = {43--54},
  publisher = {Royal Society},
  issn = {0080-4630},
  urldate = {2024-10-09}
}

@article{baxter_equivalence_1976,
  title = {Equivalence of the {{Potts}} Model or {{Whitney}} Polynomial with an Ice-Type Model},
  author = {Baxter, R. J. and Kelland, S. B. and Wu, F. Y.},
  year = {1976},
  month = mar,
  journal = {J. Phys. A: Math. Gen.},
  volume = {9},
  number = {3},
  pages = {397--406},
  publisher = {IOP Publishing},
  issn = {0305-4470},
  doi = {10.1088/0305-4470/9/3/009},
  urldate = {2022-04-01},
  langid = {english}
}

@article{baxter_new_1988,
  title = {New Solutions of the Star-Triangle Relations for the Chiral Potts Model},
  author = {Baxter, R. J. and Perk, J. H. H. and {Au-Yang}, H.},
  year = {1988},
  month = mar,
  journal = {Physics Letters A},
  volume = {128},
  number = {3},
  pages = {138--142},
  issn = {0375-9601},
  doi = {10.1016/0375-9601(88)90896-1},
  urldate = {2023-01-04},
  langid = {english}
}

@article{bazavan_synthetic_2024,
  title = {Synthetic \${\textbackslash}mathbb\{\vphantom\}{{Z}}\vphantom\{\}\_2\$ Gauge Theories Based on Parametric Excitations of Trapped Ions},
  author = {B{\u a}z{\u a}van, O. and Saner, S. and Tirrito, E. and Araneda, G. and Srinivas, R. and Bermudez, A.},
  year = {2024},
  month = jul,
  journal = {Commun Phys},
  volume = {7},
  number = {1},
  primaryclass = {quant-ph},
  pages = {229},
  issn = {2399-3650},
  urldate = {2025-08-24},
  archiveprefix = {arXiv},
  keywords = {Condensed Matter - Quantum Gases,High Energy Physics - Lattice,Quantum Physics}
}

@article{benivegna_structure_1987,
  title = {Structure and Properties of the Ground State of a Two-Level System Arbitrarily Coupled to a Boson Mode Including the Counter-Rotating Terms},
  author = {Benivegna, G. and Messina, A.},
  year = {1987},
  month = apr,
  journal = {Phys. Rev. A},
  volume = {35},
  number = {8},
  pages = {3313--3321},
  publisher = {American Physical Society},
  doi = {10.1103/PhysRevA.35.3313},
  urldate = {2024-05-07}
}

@article{bergmann_quantum_2016,
  title = {Quantum Error Correction against Photon Loss Using Multicomponent Cat States},
  author = {Bergmann, Marcel and {van Loock}, Peter},
  year = {2016},
  month = oct,
  journal = {Phys. Rev. A},
  volume = {94},
  number = {4},
  pages = {042332},
  publisher = {American Physical Society},
  doi = {10.1103/PhysRevA.94.042332},
  urldate = {2024-08-23}
}

@article{bermudez_synthetic_2011,
  title = {Synthetic {{Gauge Fields}} for {{Vibrational Excitations}} of {{Trapped}} Ions},
  author = {Bermudez, A. and Schaetz, T. and Porras, D.},
  year = {2011},
  month = oct,
  journal = {Phys. Rev. Lett.},
  volume = {107},
  number = {15},
  primaryclass = {quant-ph},
  pages = {150501},
  issn = {0031-9007, 1079-7114},
  urldate = {2024-04-16},
  archiveprefix = {arXiv},
  keywords = {Quantum Physics}
}

@article{bernien_probing_2017,
  title = {Probing Many-Body Dynamics on a 51-Atom Quantum Simulator},
  author = {Bernien, Hannes and Schwartz, Sylvain and Keesling, Alexander and Levine, Harry and Omran, Ahmed and Pichler, Hannes and Choi, Soonwon and Zibrov, Alexander S. and Endres, Manuel and Greiner, Markus and Vuleti{\'c}, Vladan and Lukin, Mikhail D.},
  year = {2017},
  month = nov,
  journal = {Nature},
  volume = {551},
  number = {7682},
  pages = {579--584},
  publisher = {Nature Publishing Group},
  issn = {1476-4687},
  doi = {10.1038/nature24622},
  urldate = {2025-08-12},
  copyright = {2017 Macmillan Publishers Limited, part of Springer Nature. All rights reserved.},
  langid = {english},
  keywords = {Quantum information,Quantum simulation}
}

@article{bild_schrodinger_2023,
  title = {Schr{\"o}dinger Cat States of a 16-Microgram Mechanical Oscillator},
  author = {Bild, Marius and Fadel, Matteo and Yang, Yu and {von L{\"u}pke}, Uwe and Martin, Phillip and Bruno, Alessandro and Chu, Yiwen},
  year = {2023},
  month = apr,
  journal = {Science},
  volume = {380},
  number = {6642},
  pages = {274--278},
  publisher = {American Association for the Advancement of Science},
  doi = {10.1126/science.adf7553},
  urldate = {2025-06-24}
}

@article{bosco_fully_2022,
  title = {Fully {{Tunable Longitudinal Spin-Photon Interactions}} in {{Si}} and {{Ge Quantum Dots}}},
  author = {Bosco, Stefano and Scarlino, Pasquale and Klinovaja, Jelena and Loss, Daniel},
  year = {2022},
  month = aug,
  journal = {Phys. Rev. Lett.},
  volume = {129},
  number = {6},
  pages = {066801},
  issn = {0031-9007, 1079-7114},
  doi = {10.1103/PhysRevLett.129.066801},
  urldate = {2024-08-28},
  langid = {english}
}

@article{bouchiat_quantum_1998,
  title = {Quantum Coherence with a Single {{Cooper}} Pair},
  author = {Bouchiat, V. and Vion, D. and Joyez, P. and Esteve, D. and Devoret, M. H.},
  year = {1998},
  month = jan,
  journal = {Phys. Scr.},
  volume = {1998},
  number = {T76},
  pages = {165},
  publisher = {IOP Publishing},
  issn = {1402-4896},
  doi = {10.1238/Physica.Topical.076a00165},
  urldate = {2024-10-10},
  langid = {english}
}

@article{braak_integrability_2011,
  title = {Integrability of the {{Rabi Model}}},
  author = {Braak, D.},
  year = {2011},
  month = aug,
  journal = {Phys. Rev. Lett.},
  volume = {107},
  number = {10},
  pages = {100401},
  publisher = {American Physical Society},
  doi = {10.1103/PhysRevLett.107.100401},
  urldate = {2024-02-06}
}

@article{braumuller_analog_2017,
  title = {Analog Quantum Simulation of the {{Rabi}} Model in the Ultra-Strong Coupling Regime},
  author = {Braum{\"u}ller, Jochen and Marthaler, Michael and Schneider, Andre and Stehli, Alexander and Rotzinger, Hannes and Weides, Martin and Ustinov, Alexey V.},
  year = {2017},
  month = oct,
  journal = {Nat Commun},
  volume = {8},
  number = {1},
  pages = {779},
  publisher = {Nature Publishing Group},
  issn = {2041-1723},
  doi = {10.1038/s41467-017-00894-w},
  urldate = {2024-09-04},
  copyright = {2017 The Author(s)},
  langid = {english},
  keywords = {Phase transitions and critical phenomena,Quantum simulation,Qubits}
}

@article{bravyi_schrieffer_2011,
  title = {Schrieffer--{{Wolff}} Transformation for Quantum Many-Body Systems},
  author = {Bravyi, Sergey and DiVincenzo, David P. and Loss, Daniel},
  year = {2011},
  month = oct,
  journal = {Annals of Physics},
  volume = {326},
  number = {10},
  pages = {2793--2826},
  issn = {0003-4916},
  doi = {10.1016/j.aop.2011.06.004},
  urldate = {2025-05-02},
  keywords = {Canonical transformation,Perturbative expansion,Quantum many-body system}
}

@article{brydges_probing_2019,
  title = {Probing {{R{\'e}nyi}} Entanglement Entropy via Randomized Measurements},
  author = {Brydges, Tiff and Elben, Andreas and Jurcevic, Petar and Vermersch, Beno{\^i}t and Maier, Christine and Lanyon, Ben P. and Zoller, Peter and Blatt, Rainer and Roos, Christian F.},
  year = {2019},
  month = apr,
  journal = {Science},
  volume = {364},
  number = {6437},
  pages = {260--263},
  publisher = {American Association for the Advancement of Science},
  doi = {10.1126/science.aau4963},
  urldate = {2025-08-12}
}

@misc{brylinski_universal_2001,
  title = {Universal Quantum Gates},
  author = {Brylinski, Jean-Luc and Brylinski, Ranee},
  year = {2001},
  month = aug,
  number = {arXiv:quant-ph/0108062},
  eprint = {quant-ph/0108062},
  publisher = {arXiv},
  urldate = {2023-08-17},
  archiveprefix = {arXiv},
  keywords = {Quantum Physics}
}

@article{cai_observation_2021,
  title = {Observation of a Quantum Phase Transition in the Quantum {{Rabi}} Model with a Single Trapped Ion},
  author = {Cai, M.-L. and Liu, Z.-D. and Zhao, W.-D. and Wu, Y.-K. and Mei, Q.-X. and Jiang, Y. and He, L. and Zhang, X. and Zhou, Z.-C. and Duan, L.-M.},
  year = {2021},
  month = feb,
  journal = {Nat Commun},
  volume = {12},
  number = {1},
  pages = {1126},
  publisher = {Nature Publishing Group},
  issn = {2041-1723},
  doi = {10.1038/s41467-021-21425-8},
  urldate = {2024-08-28},
  copyright = {2021 The Author(s)},
  langid = {english},
  keywords = {Atomic and molecular physics,Optical physics,Physics,Quantum physics}
}

@article{cao_parametrically_2024,
  title = {Parametrically Controlled Chiral Interface for Superconducting Quantum Devices},
  author = {Cao, Xi and Irfan, Abdullah and Mollenhauer, Michael and Singirikonda, Kaushik and Pfaff, Wolfgang},
  year = {2024},
  month = dec,
  journal = {Phys. Rev. Appl.},
  volume = {22},
  number = {6},
  pages = {064023},
  publisher = {American Physical Society},
  doi = {10.1103/PhysRevApplied.22.064023},
  urldate = {2025-08-24}
}

@article{chen_shortcuts_2021,
  title = {Shortcuts to {{Adiabaticity}} for the {{Quantum Rabi Model}}: {{Efficient Generation}} of {{Giant Entangled Cat States}} via {{Parametric Amplification}}},
  shorttitle = {Shortcuts to {{Adiabaticity}} for the {{Quantum Rabi Model}}},
  author = {Chen, Ye-Hong and Qin, Wei and Wang, Xin and Miranowicz, Adam and Nori, Franco},
  year = {2021},
  month = jan,
  journal = {Phys. Rev. Lett.},
  volume = {126},
  number = {2},
  pages = {023602},
  publisher = {American Physical Society},
  doi = {10.1103/PhysRevLett.126.023602},
  urldate = {2024-08-20}
}

@article{chen_singlephotondriven_2017,
  title = {Single-Photon-Driven High-Order Sideband Transitions in an Ultrastrongly Coupled Circuit-Quantum-Electrodynamics System},
  author = {Chen, Zhen and Wang, Yimin and Li, Tiefu and Tian, Lin and Qiu, Yueyin and Inomata, Kunihiro and Yoshihara, Fumiki and Han, Siyuan and Nori, Franco and Tsai, J. S. and You, J. Q.},
  year = {2017},
  month = jul,
  journal = {Phys. Rev. A},
  volume = {96},
  number = {1},
  pages = {012325},
  issn = {2469-9926, 2469-9934},
  doi = {10.1103/PhysRevA.96.012325},
  urldate = {2024-08-28},
  copyright = {http://link.aps.org/licenses/aps-default-license},
  langid = {english}
}

@article{cheng_nonlinear_2018,
  title = {Nonlinear Quantum {{Rabi}} Model in Trapped Ions},
  author = {Cheng, Xiao-Hang and Arrazola, I{\~n}igo and Pedernales, Julen S. and Lamata, Lucas and Chen, Xi and Solano, Enrique},
  year = {2018},
  month = feb,
  journal = {Phys. Rev. A},
  volume = {97},
  number = {2},
  pages = {023624},
  issn = {2469-9926, 2469-9934},
  doi = {10.1103/PhysRevA.97.023624},
  urldate = {2024-08-28},
  langid = {english}
}

@article{cobanera_fock_2014,
  title = {Fock Parafermions and Self-Dual Representations of the Braid Group},
  author = {Cobanera, Emilio and Ortiz, Gerardo},
  year = {2014},
  month = jan,
  journal = {Phys. Rev. A},
  volume = {89},
  number = {1},
  pages = {012328},
  publisher = {American Physical Society},
  doi = {10.1103/PhysRevA.89.012328},
  urldate = {2022-12-19}
}

@misc{cotfas_frame_2024,
  title = {Frame Representations of Qudit Quantum Mechanics},
  author = {Cotfas, Nicolae},
  year = {2024},
  month = may,
  number = {arXiv:2305.19287},
  eprint = {2305.19287},
  primaryclass = {quant-ph},
  publisher = {arXiv},
  urldate = {2024-10-20},
  archiveprefix = {arXiv},
  keywords = {Quantum Physics}
}

@article{dahan_creation_2023,
  title = {Creation of {{Optical Cat}} and {{GKP States Using Shaped Free Electrons}}},
  author = {Dahan, Raphael and Baranes, Gefen and Gorlach, Alexey and Ruimy, Ron and Rivera, Nicholas and Kaminer, Ido},
  year = {2023},
  month = jul,
  journal = {Phys. Rev. X},
  volume = {13},
  number = {3},
  pages = {031001},
  publisher = {American Physical Society},
  doi = {10.1103/PhysRevX.13.031001},
  urldate = {2024-08-23}
}

@article{dehollain_nagaoka_2020,
  title = {Nagaoka Ferromagnetism Observed in a Quantum Dot Plaquette},
  author = {Dehollain, J. P. and Mukhopadhyay, U. and Michal, V. P. and Wang, Y. and Wunsch, B. and Reichl, C. and Wegscheider, W. and Rudner, M. S. and Demler, E. and Vandersypen, L. M. K.},
  year = {2020},
  month = mar,
  journal = {Nature},
  volume = {579},
  number = {7800},
  pages = {528--533},
  publisher = {Nature Publishing Group},
  issn = {1476-4687},
  doi = {10.1038/s41586-020-2051-0},
  urldate = {2025-08-12},
  copyright = {2020 The Author(s), under exclusive licence to Springer Nature Limited},
  langid = {english},
  keywords = {Electronic and spintronic devices,Ferromagnetism,Quantum simulation}
}

@book{devoret_quantum_1997,
  title = {Quantum Fluctuations in Electrical Circuits},
  author = {Devoret, M.H.},
  year = {1997},
  publisher = {Edition de Physique},
  address = {France},
  isbn = {978-0-444-82593-3},
  annotation = {INIS Reference Number: 29063476}
}

@misc{devoret_superconducting_2004,
  title = {Superconducting {{Qubits}}: {{A Short Review}}},
  shorttitle = {Superconducting {{Qubits}}},
  author = {Devoret, M. H. and Wallraff, A. and Martinis, J. M.},
  year = {2004},
  month = nov,
  number = {arXiv:cond-mat/0411174},
  eprint = {cond-mat/0411174},
  publisher = {arXiv},
  urldate = {2024-04-17},
  archiveprefix = {arXiv},
  keywords = {Condensed Matter - Mesoscale and Nanoscale Physics,Condensed Matter - Superconductivity}
}

@article{farinholt_ideal_2014,
  title = {An {{Ideal Characterization}} of the {{Clifford Operators}}},
  author = {Farinholt, J. M.},
  year = {2014},
  month = aug,
  journal = {J. Phys. A: Math. Theor.},
  volume = {47},
  number = {30},
  primaryclass = {math-ph, physics:quant-ph},
  pages = {305303},
  issn = {1751-8113, 1751-8121},
  urldate = {2023-08-17},
  archiveprefix = {arXiv},
  keywords = {Mathematical Physics,Quantum Physics}
}

@article{felicetti_quantum_2017,
  title = {Quantum {{Rabi}} Model in a Superfluid {{Bose-Einstein}} Condensate},
  author = {Felicetti, S. and Romero, G. and Solano, E. and Sab{\'i}n, C.},
  year = {2017},
  month = sep,
  journal = {Phys. Rev. A},
  volume = {96},
  number = {3},
  pages = {033839},
  issn = {2469-9926, 2469-9934},
  doi = {10.1103/PhysRevA.96.033839},
  urldate = {2024-08-28},
  copyright = {https://link.aps.org/licenses/aps-default-license},
  langid = {english}
}

@article{fendley_free_2013,
  title = {Free Parafermions},
  author = {Fendley, Paul},
  year = {2013},
  month = oct,
  journal = {J. Phys. Math. Theor.},
  volume = {47},
  number = {7},
  pages = {075001},
  doi = {10.1088/1751-8113/47/7/075001},
  keywords = {05.30.Fk,clock models,higher Hamiltonians PACS numbers: 71.10.Fd,Ising model,parafermions}
}

@article{fendley_parafermionic_2012,
  title = {Parafermionic Edge Zero Modes in {{Zn-invariant}} Spin Chains},
  author = {Fendley, Paul},
  year = {2012},
  month = nov,
  journal = {J. Stat. Mech.},
  volume = {2012},
  number = {11},
  pages = {P11020},
  publisher = {{IOP Publishing and SISSA}},
  issn = {1742-5468},
  doi = {10.1088/1742-5468/2012/11/P11020},
  urldate = {2023-04-04},
  langid = {english}
}

@article{forn-diaz_broken_2016,
  title = {Broken Selection Rule in the Quantum {{Rabi}} Model},
  author = {{Forn-D{\'i}az}, P. and Romero, G. and Harmans, C. J. P. M. and Solano, E. and Mooij, J. E.},
  year = {2016},
  month = jun,
  journal = {Sci Rep},
  volume = {6},
  number = {1},
  pages = {26720},
  publisher = {Nature Publishing Group},
  issn = {2045-2322},
  doi = {10.1038/srep26720},
  urldate = {2024-08-28},
  copyright = {2016 The Author(s)},
  langid = {english},
  keywords = {Quantum optics,Qubits,Superconducting devices}
}

@article{forn-diaz_observation_2010,
  title = {Observation of the {{Bloch-Siegert Shift}} in a {{Qubit-Oscillator System}} in the {{Ultrastrong Coupling Regime}}},
  author = {{Forn-D{\'i}az}, P. and Lisenfeld, J. and Marcos, D. and {Garc{\'i}a-Ripoll}, J. J. and Solano, E. and Harmans, C. J. P. M. and Mooij, J. E.},
  year = {2010},
  month = nov,
  journal = {Phys. Rev. Lett.},
  volume = {105},
  number = {23},
  pages = {237001},
  issn = {0031-9007, 1079-7114},
  doi = {10.1103/PhysRevLett.105.237001},
  urldate = {2024-08-28},
  copyright = {http://link.aps.org/licenses/aps-default-license},
  langid = {english}
}

@article{forn-diaz_ultrastrong_2017,
  title = {Ultrastrong Coupling of a Single Artificial Atom to an Electromagnetic Continuum in the Nonperturbative Regime},
  author = {{Forn-D{\'i}az}, P. and {Garc{\'i}a-Ripoll}, J. J. and Peropadre, B. and Orgiazzi, J.-L. and Yurtalan, M. A. and Belyansky, R. and Wilson, C. M. and Lupascu, A.},
  year = {2017},
  month = jan,
  journal = {Nature Phys},
  volume = {13},
  number = {1},
  pages = {39--43},
  publisher = {Nature Publishing Group},
  issn = {1745-2481},
  doi = {10.1038/nphys3905},
  urldate = {2024-08-28},
  copyright = {2016 Springer Nature Limited},
  langid = {english},
  keywords = {Quantum information,Quantum optics,Qubits,Superconducting devices}
}

@article{fortuin_randomcluster_1972,
  title = {On the Random-Cluster Model: {{I}}. {{Introduction}} and Relation to Other Models},
  shorttitle = {On the Random-Cluster Model},
  author = {Fortuin, C. M. and Kasteleyn, P. W.},
  year = {1972},
  month = feb,
  journal = {Physica},
  volume = {57},
  number = {4},
  pages = {536--564},
  issn = {0031-8914},
  doi = {10.1016/0031-8914(72)90045-6},
  urldate = {2022-03-08},
  langid = {english}
}

@article{fradkin_disorder_1980,
  title = {Disorder Variables and Para-Fermions in Two-Dimensional Statistical Mechanics},
  author = {Fradkin, Eduardo and Kadanoff, Leo P.},
  year = {1980},
  month = aug,
  journal = {Nuclear Physics B},
  volume = {170},
  number = {1},
  pages = {1--15},
  issn = {0550-3213},
  doi = {10.1016/0550-3213(80)90472-1},
  urldate = {2024-08-20}
}

@article{gertler_protecting_2021,
  title = {Protecting a Bosonic Qubit with Autonomous Quantum Error Correction},
  author = {Gertler, Jeffrey M. and Baker, Brian and Li, Juliang and Shirol, Shruti and Koch, Jens and Wang, Chen},
  year = {2021},
  month = feb,
  journal = {Nature},
  volume = {590},
  number = {7845},
  pages = {243--248},
  publisher = {Nature Publishing Group},
  issn = {1476-4687},
  doi = {10.1038/s41586-021-03257-0},
  urldate = {2024-08-23},
  copyright = {2021 The Author(s), under exclusive licence to Springer Nature Limited},
  langid = {english},
  keywords = {Quantum information,Qubits,Superconducting devices}
}

@article{gertler_protecting_2021a,
  title = {Protecting a Bosonic Qubit with Autonomous Quantum Error Correction},
  author = {Gertler, Jeffrey M. and Baker, Brian and Li, Juliang and Shirol, Shruti and Koch, Jens and Wang, Chen},
  year = {2021},
  month = feb,
  journal = {Nature},
  volume = {590},
  number = {7845},
  pages = {243--248},
  publisher = {Nature Publishing Group},
  issn = {1476-4687},
  doi = {10.1038/s41586-021-03257-0},
  urldate = {2024-09-02},
  copyright = {2021 The Author(s), under exclusive licence to Springer Nature Limited},
  langid = {english},
  keywords = {Quantum information,Qubits,Superconducting devices}
}

@article{gertlerProtectingBosonicQubit2021a,
  title = {Protecting a Bosonic Qubit with Autonomous Quantum Error Correction},
  author = {Gertler, Jeffrey M. and Baker, Brian and Li, Juliang and Shirol, Shruti and Koch, Jens and Wang, Chen},
  year = {2021},
  month = feb,
  journal = {Nature},
  volume = {590},
  number = {7845},
  pages = {243--248},
  publisher = {Nature Publishing Group},
  issn = {1476-4687},
  doi = {10.1038/s41586-021-03257-0},
  urldate = {2024-08-23},
  copyright = {2021 The Author(s), under exclusive licence to Springer Nature Limited},
  langid = {english},
  keywords = {Quantum information,Qubits,Superconducting devices}
}

@article{gibbons_discrete_2004,
  title = {Discrete Phase Space Based on Finite Fields},
  author = {Gibbons, Kathleen S. and Hoffman, Matthew J. and Wootters, William K.},
  year = {2004},
  month = dec,
  journal = {Phys. Rev. A},
  volume = {70},
  number = {6},
  pages = {062101},
  publisher = {American Physical Society},
  doi = {10.1103/PhysRevA.70.062101},
  urldate = {2025-06-05}
}

@article{gottesman_encoding_2001,
  title = {Encoding a Qubit in an Oscillator},
  author = {Gottesman, Daniel and Kitaev, Alexei and Preskill, John},
  year = {2001},
  month = jun,
  journal = {Phys. Rev. A},
  volume = {64},
  number = {1},
  pages = {012310},
  issn = {1050-2947, 1094-1622},
  urldate = {2024-08-29},
  archiveprefix = {arXiv},
  langid = {english},
  keywords = {High Energy Physics - Theory,Quantum Physics}
}

@article{gottesman_faulttolerant_1999,
  title = {Fault-{{Tolerant Quantum Computation}} with {{Higher-Dimensional Systems}}},
  author = {Gottesman, Daniel},
  year = {1999},
  month = sep,
  journal = {Chaos, Solitons \& Fractals},
  volume = {10},
  number = {10},
  pages = {1749--1758},
  issn = {09600779},
  urldate = {2025-08-23},
  archiveprefix = {arXiv},
  keywords = {Quantum Physics}
}

@article{gou_vibrational_1996,
  title = {Vibrational Pair Cat States},
  author = {Gou, S.-C. and Steinbach, J. and Knight, P. L.},
  year = {1996},
  month = nov,
  journal = {Phys. Rev. A},
  volume = {54},
  number = {5},
  pages = {4315--4319},
  publisher = {American Physical Society},
  doi = {10.1103/PhysRevA.54.4315},
  urldate = {2025-06-24}
}

@article{grimm_stabilization_2020,
  title = {Stabilization and Operation of a {{Kerr-cat}} Qubit},
  author = {Grimm, A. and Frattini, N. E. and Puri, S. and Mundhada, S. O. and Touzard, S. and Mirrahimi, M. and Girvin, S. M. and Shankar, S. and Devoret, M. H.},
  year = {2020},
  month = aug,
  journal = {Nature},
  volume = {584},
  number = {7820},
  pages = {205--209},
  publisher = {Nature Publishing Group},
  issn = {1476-4687},
  doi = {10.1038/s41586-020-2587-z},
  urldate = {2024-08-23},
  copyright = {2020 The Author(s), under exclusive licence to Springer Nature Limited},
  langid = {english},
  keywords = {Quantum information,Qubits,Superconducting devices}
}

@article{groenewold_principles_1946,
  title = {On the Principles of Elementary Quantum Mechanics},
  author = {Groenewold, H. J.},
  year = {1946},
  month = oct,
  journal = {Physica},
  volume = {12},
  number = {7},
  pages = {405--460},
  issn = {0031-8914},
  doi = {10.1016/S0031-8914(46)80059-4},
  urldate = {2025-06-05}
}

@article{gu_microwave_2017,
  title = {Microwave Photonics with Superconducting Quantum Circuits},
  author = {Gu, Xiu and Kockum, Anton Frisk and Miranowicz, Adam and Liu, Yu-xi and Nori, Franco},
  year = {2017},
  month = nov,
  journal = {Physics Reports},
  series = {Microwave Photonics with Superconducting Quantum Circuits},
  volume = {718--719},
  pages = {1--102},
  issn = {0370-1573},
  doi = {10.1016/j.physrep.2017.10.002},
  urldate = {2025-08-24},
  keywords = {Atomic physics,Cavity QED,Circuit QED,Microwave photonics,Photon detection,Quantum bits,Quantum information processing,Quantum optics,Superconducting circuits,Waveguide QED}
}

@article{guillaud_repetition_2019,
  title = {Repetition {{Cat Qubits}} for {{Fault-Tolerant Quantum Computation}}},
  author = {Guillaud, J{\'e}r{\'e}mie and Mirrahimi, Mazyar},
  year = {2019},
  month = dec,
  journal = {Phys. Rev. X},
  volume = {9},
  number = {4},
  pages = {041053},
  publisher = {American Physical Society},
  doi = {10.1103/PhysRevX.9.041053},
  urldate = {2024-10-17}
}

@article{gupta_symmetries_,
  title = {Symmetries for Fun and Profit},
  author = {Gupta, Sourendu},
  langid = {english}
}

@book{haroche_exploring_2006,
  title = {Exploring the {{Quantum}}: {{Atoms}}, {{Cavities}}, and {{Photons}}},
  shorttitle = {Exploring the {{Quantum}}},
  author = {Haroche, Serge and Raimond, J.-M.},
  year = {2006},
  month = aug,
  publisher = {OUP Oxford},
  googlebooks = {ynwSDAAAQBAJ},
  isbn = {978-0-19-850914-1},
  langid = {english},
  keywords = {Language Arts & Disciplines / Library & Information Science / General,Science / Physics / Atomic & Molecular,Science / Physics / Condensed Matter,Science / Physics / General,Science / Physics / Quantum Theory,Technology & Engineering / Optics}
}

@article{hensgens_quantum_2017,
  title = {Quantum Simulation of a {{Fermi}}--{{Hubbard}} Model Using a Semiconductor Quantum Dot Array},
  author = {Hensgens, T. and Fujita, T. and Janssen, L. and Li, Xiao and Van Diepen, C. J. and Reichl, C. and Wegscheider, W. and Das Sarma, S. and Vandersypen, L. M. K.},
  year = {2017},
  month = aug,
  journal = {Nature},
  volume = {548},
  number = {7665},
  pages = {70--73},
  publisher = {Nature Publishing Group},
  issn = {1476-4687},
  doi = {10.1038/nature23022},
  urldate = {2025-08-12},
  copyright = {2017 Macmillan Publishers Limited, part of Springer Nature. All rights reserved.},
  langid = {english},
  keywords = {Quantum information,Quantum simulation}
}

@article{hu_controllable_2007,
  title = {Controllable Coupling of Superconducting Transmission-Line Resonators},
  author = {Hu, Yong and Xiao, Yun-Feng and Zhou, Zheng-Wei and Guo, Guang-Can},
  year = {2007},
  month = jan,
  journal = {Phys. Rev. A},
  volume = {75},
  number = {1},
  pages = {012314},
  publisher = {American Physical Society},
  doi = {10.1103/PhysRevA.75.012314},
  urldate = {2024-10-10}
}

@article{hutter_parafermions_2015,
  title = {Parafermions in a {{Kagome Lattice}} of {{Qubits}} for {{Topological Quantum Computation}}},
  author = {Hutter, Adrian and Wootton, James R. and Loss, Daniel},
  year = {2015},
  month = dec,
  journal = {Phys. Rev. X},
  volume = {5},
  number = {4},
  pages = {041040},
  publisher = {American Physical Society},
  doi = {10.1103/PhysRevX.5.041040},
  urldate = {2024-11-15}
}

@article{hwang_largescale_2013,
  title = {Large-Scale Maximal Entanglement and {{Majorana}} Bound States in Coupled Circuit Quantum Electrodynamic Systems},
  author = {Hwang, Myung-Joong and Choi, Mahn-Soo},
  year = {2013},
  month = mar,
  journal = {Phys. Rev. B},
  volume = {87},
  number = {12},
  pages = {125404},
  issn = {1098-0121, 1550-235X},
  doi = {10.1103/PhysRevB.87.125404},
  urldate = {2024-04-04},
  copyright = {http://link.aps.org/licenses/aps-default-license},
  langid = {english}
}

@article{hwang_quantum_2015,
  title = {Quantum {{Phase Transition}} and {{Universal Dynamics}} in the {{Rabi Model}}},
  author = {Hwang, Myung-Joong and Puebla, Ricardo and Plenio, Martin B.},
  year = {2015},
  month = oct,
  journal = {Phys. Rev. Lett.},
  volume = {115},
  number = {18},
  pages = {180404},
  publisher = {American Physical Society},
  doi = {10.1103/PhysRevLett.115.180404},
  urldate = {2024-02-06}
}

@article{hwang_variational_2010,
  title = {Variational Study of a Two-Level System Coupled to a Harmonic Oscillator in an Ultrastrong-Coupling Regime},
  author = {Hwang, Myung-Joong and Choi, Mahn-Soo},
  year = {2010},
  month = aug,
  journal = {Phys. Rev. A},
  volume = {82},
  number = {2},
  pages = {025802},
  issn = {1050-2947, 1094-1622},
  doi = {10.1103/PhysRevA.82.025802},
  urldate = {2024-05-07},
  copyright = {http://link.aps.org/licenses/aps-default-license},
  langid = {english}
}

@article{kalacheva_kinemon_2024,
  title = {Kinemon: {{An}} Inductively Shunted Transmon Artificial Atom},
  shorttitle = {Kinemon},
  author = {Kalacheva, Daria and Fedorov, Gleb and Zotova, Julia and Kadyrmetov, Shamil and Kirkovskii, Alexey and Dmitriev, Aleksei and Astafiev, Oleg},
  year = {2024},
  month = feb,
  journal = {Phys. Rev. Appl.},
  volume = {21},
  number = {2},
  pages = {024058},
  publisher = {American Physical Society},
  doi = {10.1103/PhysRevApplied.21.024058},
  urldate = {2024-05-07}
}

@article{kapit_quantum_2013,
  title = {Quantum Simulation Architecture for Lattice Bosons in Arbitrary, Tunable, External Gauge Fields},
  author = {Kapit, Eliot},
  year = {2013},
  month = jun,
  journal = {Phys. Rev. A},
  volume = {87},
  number = {6},
  pages = {062336},
  publisher = {American Physical Society},
  doi = {10.1103/PhysRevA.87.062336},
  urldate = {2025-08-24}
}

@article{kiczynski_engineering_2022,
  title = {Engineering Topological States in Atom-Based Semiconductor Quantum Dots},
  author = {Kiczynski, M. and Gorman, S. K. and Geng, H. and Donnelly, M. B. and Chung, Y. and He, Y. and Keizer, J. G. and Simmons, M. Y.},
  year = {2022},
  month = jun,
  journal = {Nature},
  volume = {606},
  number = {7915},
  pages = {694--699},
  publisher = {Nature Publishing Group},
  issn = {1476-4687},
  doi = {10.1038/s41586-022-04706-0},
  urldate = {2025-08-12},
  copyright = {2022 The Author(s)},
  langid = {english},
  keywords = {Quantum dots,Quantum simulation}
}

@article{kiefer_floquetengineered_2019,
  title = {Floquet-Engineered Vibrational Dynamics in a Two-Dimensional Array of Trapped Ions},
  author = {Kiefer, Philip and Hakelberg, Frederick and Wittemer, Matthias and Berm{\'u}dez, Alejandro and Porras, Diego and Warring, Ulrich and Schaetz, Tobias},
  year = {2019},
  month = nov,
  journal = {Phys. Rev. Lett.},
  volume = {123},
  number = {21},
  primaryclass = {quant-ph},
  pages = {213605},
  issn = {0031-9007, 1079-7114},
  urldate = {2025-08-24},
  archiveprefix = {arXiv},
  keywords = {Quantum Physics}
}

@article{kiktenko_probability_2020,
  title = {Probability Representation of Quantum Dynamics Using Pseudostochastic Maps},
  author = {Kiktenko, E. O. and Malyshev, A. O. and Mastiukova, A. S. and Man'ko, V. I. and Fedorov, A. K. and Chru{\'s}ci{\'n}ski, D.},
  year = {2020},
  month = may,
  journal = {Phys. Rev. A},
  volume = {101},
  number = {5},
  pages = {052320},
  publisher = {American Physical Society},
  doi = {10.1103/PhysRevA.101.052320},
  urldate = {2024-10-29}
}

@article{kiktenko_scalable_2020,
  title = {Scalable Quantum Computing with Qudits on a Graph},
  author = {Kiktenko, E. O. and Nikolaeva, A. S. and Xu, Peng and Shlyapnikov, G. V. and Fedorov, A. K.},
  year = {2020},
  month = feb,
  journal = {Phys. Rev. A},
  volume = {101},
  number = {2},
  pages = {022304},
  issn = {2469-9926, 2469-9934},
  doi = {10.1103/PhysRevA.101.022304},
  urldate = {2024-08-20},
  langid = {english}
}

@article{kiktenko_single_2015,
  title = {Single Qudit Realization of the {{Deutsch}} Algorithm Using Superconducting Many-Level Quantum Circuits},
  author = {Kiktenko, E. O. and Fedorov, A. K. and Strakhov, A. A. and Man'ko, V. I.},
  year = {2015},
  month = jul,
  journal = {Physics Letters A},
  volume = {379},
  number = {22},
  pages = {1409--1413},
  issn = {0375-9601},
  doi = {10.1016/j.physleta.2015.03.023},
  urldate = {2024-08-20}
}

@article{kira_quantum_2011,
  title = {Quantum Spectroscopy with {{Schr{\"o}dinger-cat}} States},
  author = {Kira, M. and Koch, S. W. and Smith, R. P. and Hunter, A. E. and Cundiff, S. T.},
  year = {2011},
  month = oct,
  journal = {Nature Phys},
  volume = {7},
  number = {10},
  pages = {799--804},
  publisher = {Nature Publishing Group},
  issn = {1745-2481},
  doi = {10.1038/nphys2091},
  urldate = {2025-06-24},
  copyright = {2011 Springer Nature Limited},
  langid = {english},
  keywords = {Atomic,Classical and Continuum Physics,Complex Systems,Condensed Matter Physics,general,Mathematical and Computational Physics,Molecular,Optical and Plasma Physics,Physics,Theoretical}
}

@article{kitaev_unpaired_2001,
  title = {Unpaired {{Majorana}} Fermions in Quantum Wires},
  author = {Kitaev, A. Yu},
  year = {2001},
  month = oct,
  journal = {Phys.-Usp.},
  volume = {44},
  number = {10S},
  pages = {131},
  issn = {1063-7869},
  doi = {10.1070/1063-7869/44/10S/S29},
  urldate = {2025-08-24},
  langid = {english}
}

@article{koch_charge_2007,
  title = {Charge Insensitive Qubit Design Derived from the {{Cooper}} Pair Box},
  author = {Koch, Jens and Yu, Terri M. and Gambetta, Jay and Houck, A. A. and Schuster, D. I. and Majer, J. and Blais, Alexandre and Devoret, M. H. and Girvin, S. M. and Schoelkopf, R. J.},
  year = {2007},
  month = oct,
  journal = {Phys. Rev. A},
  volume = {76},
  number = {4},
  pages = {042319},
  issn = {1050-2947, 1094-1622},
  urldate = {2024-04-17},
  archiveprefix = {arXiv},
  keywords = {Condensed Matter - Mesoscale and Nanoscale Physics,Quantum Physics}
}

@incollection{kockum_quantum_2019,
  title = {Quantum {{Bits}} with {{Josephson Junctions}}},
  booktitle = {Fundamentals and {{Frontiers}} of the {{Josephson Effect}}},
  author = {Kockum, Anton Frisk and Nori, Franco},
  editor = {Tafuri, Francesco},
  year = {2019},
  pages = {703--741},
  publisher = {Springer International Publishing},
  address = {Cham},
  doi = {10.1007/978-3-030-20726-7_17},
  urldate = {2024-04-17},
  isbn = {978-3-030-20726-7},
  langid = {english}
}

@article{kozin_cavityenhanced_2025,
  title = {Cavity-Enhanced Superconductivity via Band Engineering},
  author = {Kozin, Valerii K. and Thingstad, Even and Loss, Daniel and Klinovaja, Jelena},
  year = {2025},
  month = jan,
  journal = {Phys. Rev. B},
  volume = {111},
  number = {3},
  pages = {035410},
  publisher = {American Physical Society},
  doi = {10.1103/PhysRevB.111.035410},
  urldate = {2025-06-05}
}

@article{kozin_quantum_2024,
  title = {Quantum Phase Transitions and Cat States in Cavity-Coupled Quantum Dots},
  author = {Kozin, Valerii K. and Miserev, Dmitry and Loss, Daniel and Klinovaja, Jelena},
  year = {2024},
  month = aug,
  journal = {Phys. Rev. Res.},
  volume = {6},
  number = {3},
  pages = {033188},
  publisher = {American Physical Society},
  doi = {10.1103/PhysRevResearch.6.033188},
  urldate = {2025-05-02}
}

@misc{kozin_schottky_2025,
  title = {Schottky Anomaly in a Cavity-Coupled Double Quantum Well},
  author = {Kozin, Valerii K. and Miserev, Dmitry and Loss, Daniel and Klinovaja, Jelena},
  year = {2025},
  month = apr,
  number = {arXiv:2504.08630},
  eprint = {2504.08630},
  primaryclass = {cond-mat},
  publisher = {arXiv},
  urldate = {2025-06-05},
  archiveprefix = {arXiv},
  keywords = {Condensed Matter - Mesoscale and Nanoscale Physics,Quantum Physics}
}

@article{krantz_quantum_2019,
  title = {A {{Quantum Engineer}}'s {{Guide}} to {{Superconducting Qubits}}},
  author = {Krantz, Philip and Kjaergaard, Morten and Yan, Fei and Orlando, Terry P. and Gustavsson, Simon and Oliver, William D.},
  year = {2019},
  month = jun,
  journal = {Appl. Phys. Rev.},
  volume = {6},
  number = {2},
  primaryclass = {cond-mat, physics:physics, physics:quant-ph},
  pages = {021318},
  issn = {1931-9401},
  urldate = {2024-04-17},
  archiveprefix = {arXiv},
  keywords = {Condensed Matter - Mesoscale and Nanoscale Physics,Physics - Applied Physics,Quantum Physics}
}

@article{kurpiers_deterministic_2018,
  title = {Deterministic Quantum State Transfer and Remote Entanglement Using Microwave Photons},
  author = {Kurpiers, P. and Magnard, P. and Walter, T. and Royer, B. and Pechal, M. and Heinsoo, J. and Salath{\'e}, Y. and Akin, A. and Storz, S. and Besse, J.-C. and Gasparinetti, S. and Blais, A. and Wallraff, A.},
  year = {2018},
  month = jun,
  journal = {Nature},
  volume = {558},
  number = {7709},
  pages = {264--267},
  publisher = {Nature Publishing Group},
  issn = {1476-4687},
  doi = {10.1038/s41586-018-0195-y},
  urldate = {2025-08-18},
  copyright = {2018 Macmillan Publishers Ltd., part of Springer Nature},
  langid = {english},
  keywords = {Quantum information,Quantum optics,Qubits,Single photons and quantum effects}
}

@article{kyprianidis_observation_2021,
  title = {Observation of a Prethermal Discrete Time Crystal},
  author = {Kyprianidis, A. and Machado, F. and Morong, W. and Becker, P. and Collins, K. S. and Else, D. V. and Feng, L. and Hess, P. W. and Nayak, C. and Pagano, G. and Yao, N. Y. and Monroe, C.},
  year = {2021},
  month = jun,
  journal = {Science},
  volume = {372},
  number = {6547},
  pages = {1192--1196},
  publisher = {American Association for the Advancement of Science},
  doi = {10.1126/science.abg8102},
  urldate = {2025-08-12}
}

@article{lehnert_measurement_2003,
  title = {Measurement of the {{Excited-State Lifetime}} of a {{Microelectronic Circuit}}},
  author = {Lehnert, K. W. and Bladh, K. and Spietz, L. F. and Gunnarsson, D. and Schuster, D. I. and Delsing, P. and Schoelkopf, R. J.},
  year = {2003},
  month = jan,
  journal = {Phys. Rev. Lett.},
  volume = {90},
  number = {2},
  pages = {027002},
  publisher = {American Physical Society},
  doi = {10.1103/PhysRevLett.90.027002},
  urldate = {2024-10-10}
}

@article{leonhardt_discrete_1996,
  title = {Discrete {{Wigner}} Function and Quantum-State Tomography},
  author = {Leonhardt, Ulf},
  year = {1996},
  month = may,
  journal = {Phys. Rev. A},
  volume = {53},
  number = {5},
  pages = {2998--3013},
  publisher = {American Physical Society},
  doi = {10.1103/PhysRevA.53.2998},
  urldate = {2025-06-05}
}

@unpublished{lotkov_cat_,
  title = {Cat States in One- and Two-Mode {{Z3 Rabi}} Models},
  author = {Lotkov, A. I. and Kurlov, D. V. and Kozin, V. K. and Klinovaja, Jelena and Loss, Daniel}
}

@article{lotkov_floquet_2022,
  title = {Floquet Integrability and Long-Range Entanglement Generation in the One-Dimensional Quantum {{Potts}} Model},
  author = {Lotkov, A. I. and Gritsev, V. and Fedorov, A. K. and Kurlov, D. V.},
  year = {2022},
  month = apr,
  journal = {Phys. Rev. B},
  volume = {105},
  number = {14},
  pages = {144306},
  publisher = {American Physical Society},
  doi = {10.1103/PhysRevB.105.144306},
  urldate = {2025-06-05}
}

@article{luis_discrete_1998,
  title = {Discrete {{Wigner}} Function for Finite-Dimensional Systems},
  author = {Luis, A. and Perina, J.},
  year = {1998},
  month = feb,
  journal = {J. Phys. A: Math. Gen.},
  volume = {31},
  number = {5},
  pages = {1423},
  issn = {0305-4470},
  doi = {10.1088/0305-4470/31/5/012},
  urldate = {2025-06-05},
  langid = {english}
}

@article{lv_quantum_2018,
  title = {Quantum {{Simulation}} of the {{Quantum Rabi Model}} in a {{Trapped Ion}}},
  author = {Lv, Dingshun and An, Shuoming and Liu, Zhenyu and Zhang, Jing-Ning and Pedernales, Julen S. and Lamata, Lucas and Solano, Enrique and Kim, Kihwan},
  year = {2018},
  month = apr,
  journal = {Phys. Rev. X},
  volume = {8},
  number = {2},
  pages = {021027},
  publisher = {American Physical Society},
  doi = {10.1103/PhysRevX.8.021027},
  urldate = {2024-08-28}
}

@article{madjarov_highfidelity_2020,
  title = {High-Fidelity Entanglement and Detection of Alkaline-Earth {{Rydberg}} Atoms},
  author = {Madjarov, Ivaylo S. and Covey, Jacob P. and Shaw, Adam L. and Choi, Joonhee and Kale, Anant and Cooper, Alexandre and Pichler, Hannes and Schkolnik, Vladimir and Williams, Jason R. and Endres, Manuel},
  year = {2020},
  month = aug,
  journal = {Nat. Phys.},
  volume = {16},
  number = {8},
  pages = {857--861},
  publisher = {Nature Publishing Group},
  issn = {1745-2481},
  doi = {10.1038/s41567-020-0903-z},
  urldate = {2025-08-12},
  copyright = {2020 The Author(s), under exclusive licence to Springer Nature Limited},
  langid = {english},
  keywords = {Atomic and molecular interactions with photons,Atomic and molecular physics,Exotic atoms and molecules,Quantum information,Quantum physics}
}

@article{makhlin_quantumstate_2001,
  title = {Quantum-State Engineering with {{Josephson-junction}} Devices},
  author = {Makhlin, Yuriy and Sch{\"o}n, Gerd and Shnirman, Alexander},
  year = {2001},
  month = may,
  journal = {Rev. Mod. Phys.},
  volume = {73},
  number = {2},
  pages = {357--400},
  publisher = {American Physical Society},
  doi = {10.1103/RevModPhys.73.357},
  urldate = {2024-10-10}
}

@article{malbouisson_highergeneration_1999,
  title = {Higher-Generation {{Schr{\"o}dinger}} Cat States in Cavity {{QED}}},
  author = {Malbouisson, J. M. C. and Baseia, B.},
  year = {1999},
  month = nov,
  journal = {J. Mod. Opt.},
  volume = {46},
  number = {14},
  pages = {2015--2041},
  publisher = {Taylor \& Francis},
  issn = {0950-0340},
  doi = {10.1080/09500349908231390},
  urldate = {2024-08-23}
}

@article{manovitz_quantum_2025,
  title = {Quantum Coarsening and Collective Dynamics on a Programmable Simulator},
  author = {Manovitz, Tom and Li, Sophie H. and Ebadi, Sepehr and Samajdar, Rhine and Geim, Alexandra A. and Evered, Simon J. and Bluvstein, Dolev and Zhou, Hengyun and Koyluoglu, Nazli Ugur and Feldmeier, Johannes and Dolgirev, Pavel E. and Maskara, Nishad and Kalinowski, Marcin and Sachdev, Subir and Huse, David A. and Greiner, Markus and Vuleti{\'c}, Vladan and Lukin, Mikhail D.},
  year = {2025},
  month = feb,
  journal = {Nature},
  volume = {638},
  number = {8049},
  pages = {86--92},
  publisher = {Nature Publishing Group},
  issn = {1476-4687},
  doi = {10.1038/s41586-024-08353-5},
  urldate = {2025-08-12},
  copyright = {2025 The Author(s)},
  langid = {english},
  keywords = {Phase transitions and critical phenomena,Quantum simulation}
}

@article{martinez_realtime_2016,
  title = {Real-Time Dynamics of Lattice Gauge Theories with a Few-Qubit Quantum Computer},
  author = {Martinez, Esteban A. and Muschik, Christine A. and Schindler, Philipp and Nigg, Daniel and Erhard, Alexander and Heyl, Markus and Hauke, Philipp and Dalmonte, Marcello and Monz, Thomas and Zoller, Peter and Blatt, Rainer},
  year = {2016},
  month = jun,
  journal = {Nature},
  volume = {534},
  number = {7608},
  pages = {516--519},
  publisher = {Nature Publishing Group},
  issn = {1476-4687},
  doi = {10.1038/nature18318},
  urldate = {2025-08-12},
  copyright = {2016 Springer Nature Limited},
  langid = {english},
  keywords = {Quantum optics,Quantum simulation,Theoretical particle physics}
}

@article{metelmann_nonreciprocal_2015,
  title = {Nonreciprocal {{Photon Transmission}} and {{Amplification}} via {{Reservoir Engineering}}},
  author = {Metelmann, A. and Clerk, A. A.},
  year = {2015},
  month = jun,
  journal = {Phys. Rev. X},
  volume = {5},
  number = {2},
  pages = {021025},
  publisher = {American Physical Society},
  doi = {10.1103/PhysRevX.5.021025},
  urldate = {2025-08-22}
}

@article{meth_simulating_2025,
  title = {Simulating Two-Dimensional Lattice Gauge Theories on a Qudit Quantum Computer},
  author = {Meth, Michael and Zhang, Jinglei and Haase, Jan F. and Edmunds, Claire and Postler, Lukas and Jena, Andrew J. and Steiner, Alex and Dellantonio, Luca and Blatt, Rainer and Zoller, Peter and Monz, Thomas and Schindler, Philipp and Muschik, Christine and Ringbauer, Martin},
  year = {2025},
  month = apr,
  journal = {Nat. Phys.},
  volume = {21},
  number = {4},
  pages = {570--576},
  publisher = {Nature Publishing Group},
  issn = {1745-2481},
  doi = {10.1038/s41567-025-02797-w},
  urldate = {2025-08-12},
  copyright = {2025 The Author(s)},
  langid = {english},
  keywords = {Quantum information,Quantum simulation}
}

@article{mirrahimi_dynamically_2014,
  title = {Dynamically Protected Cat-Qubits: A New Paradigm for Universal Quantum Computation},
  shorttitle = {Dynamically Protected Cat-Qubits},
  author = {Mirrahimi, Mazyar and Leghtas, Zaki and Albert, Victor V. and Touzard, Steven and Schoelkopf, Robert J. and Jiang, Liang and Devoret, Michel H.},
  year = {2014},
  month = apr,
  journal = {New J. Phys.},
  volume = {16},
  number = {4},
  pages = {045014},
  publisher = {IOP Publishing},
  issn = {1367-2630},
  doi = {10.1088/1367-2630/16/4/045014},
  urldate = {2024-09-12},
  langid = {english}
}

@article{morigi_prof_,
  title = {Prof. {{Dr}}. {{Luis Santos}} ({{Gottfried Wilhelm Leibniz Universit}}{\textasciidieresis}at {{Hannover}}) {{Prof}}. {{Dr}}. {{Tanja E}}. {{Mehlst}}{\textasciidieresis}aubler ({{Gottfried Wilhelm Leibniz Universit}}{\textasciidieresis}at {{Hannover}}) {{Prof}}. {{Dr}}. {{Hendrik Weimer}} ({{Technische Universita}}{\textasciidieresis}t {{Berlin}})},
  author = {Morigi, Dr Giovanna},
  langid = {english}
}

@article{nakamura_coherent_1999,
  title = {Coherent Control of Macroscopic Quantum States in a Single-{{Cooper-pair}} Box},
  author = {Nakamura, Y. and Pashkin, Yu A. and Tsai, J. S.},
  year = {1999},
  month = apr,
  journal = {Nature},
  volume = {398},
  number = {6730},
  pages = {786--788},
  publisher = {Nature Publishing Group},
  issn = {1476-4687},
  doi = {10.1038/19718},
  urldate = {2024-10-10},
  copyright = {1999 Macmillan Magazines Ltd.},
  langid = {english},
  keywords = {Humanities and Social Sciences,multidisciplinary,Science}
}

@article{niemczyk_circuit_2010,
  title = {Circuit Quantum Electrodynamics in the Ultrastrong-Coupling Regime},
  author = {Niemczyk, T. and Deppe, F. and Huebl, H. and Menzel, E. P. and Hocke, F. and Schwarz, M. J. and {Garcia-Ripoll}, J. J. and Zueco, D. and H{\"u}mmer, T. and Solano, E. and Marx, A. and Gross, R.},
  year = {2010},
  month = oct,
  journal = {Nature Phys},
  volume = {6},
  number = {10},
  pages = {772--776},
  publisher = {Nature Publishing Group},
  issn = {1745-2481},
  doi = {10.1038/nphys1730},
  urldate = {2024-08-28},
  copyright = {2010 Springer Nature Limited},
  langid = {english},
  keywords = {Atomic,Classical and Continuum Physics,Complex Systems,Condensed Matter Physics,general,Mathematical and Computational Physics,Molecular,Optical and Plasma Physics,Physics,Theoretical}
}

@article{niemczykCircuitQuantumElectrodynamics2010a,
  title = {Circuit Quantum Electrodynamics in the Ultrastrong-Coupling Regime},
  author = {Niemczyk, T. and Deppe, F. and Huebl, H. and Menzel, E. P. and Hocke, F. and Schwarz, M. J. and {Garcia-Ripoll}, J. J. and Zueco, D. and H{\"u}mmer, T. and Solano, E. and Marx, A. and Gross, R.},
  year = {2010},
  month = oct,
  journal = {Nature Phys},
  volume = {6},
  number = {10},
  pages = {772--776},
  publisher = {Nature Publishing Group},
  issn = {1745-2481},
  doi = {10.1038/nphys1730},
  urldate = {2024-08-28},
  copyright = {2010 Springer Nature Limited},
  langid = {english},
  keywords = {Atomic,Classical and Continuum Physics,Complex Systems,Condensed Matter Physics,general,Mathematical and Computational Physics,Molecular,Optical and Plasma Physics,Physics,Theoretical}
}

@article{nunnenkamp_synthetic_2011,
  title = {Synthetic Gauge Fields and Homodyne Transmission in {{Jaynes-Cummings}} Lattices},
  author = {Nunnenkamp, A. and Koch, Jens and Girvin, S. M.},
  year = {2011},
  month = sep,
  journal = {New J. Phys.},
  volume = {13},
  number = {9},
  primaryclass = {cond-mat, physics:quant-ph},
  pages = {095008},
  issn = {1367-2630},
  urldate = {2024-08-06},
  archiveprefix = {arXiv},
  keywords = {Condensed Matter - Mesoscale and Nanoscale Physics,Quantum Physics}
}

@article{obramenko_optimizing_,
  title = {Optimizing Quantum Dot Configurations for Enhancing Spin-Photon Interaction.},
  author = {Obramenko, Marina and Kozin, Valerii and Bosco, Stefano and Klinovaja, Jelena and Loss, Daniel}
}

@article{ofek_extending_2016,
  title = {Extending the Lifetime of a Quantum Bit with Error Correction in Superconducting Circuits},
  author = {Ofek, Nissim and Petrenko, Andrei and Heeres, Reinier and Reinhold, Philip and Leghtas, Zaki and Vlastakis, Brian and Liu, Yehan and Frunzio, Luigi and Girvin, S. M. and Jiang, L. and Mirrahimi, Mazyar and Devoret, M. H. and Schoelkopf, R. J.},
  year = {2016},
  month = aug,
  journal = {Nature},
  volume = {536},
  number = {7617},
  pages = {441--445},
  publisher = {Nature Publishing Group},
  issn = {1476-4687},
  doi = {10.1038/nature18949},
  urldate = {2024-08-23},
  copyright = {2016 Macmillan Publishers Limited, part of Springer Nature. All rights reserved.},
  langid = {english},
  keywords = {Quantum information,Qubits}
}

@article{ofek_extending_2016a,
  title = {Extending the Lifetime of a Quantum Bit with Error Correction in Superconducting Circuits},
  author = {Ofek, Nissim and Petrenko, Andrei and Heeres, Reinier and Reinhold, Philip and Leghtas, Zaki and Vlastakis, Brian and Liu, Yehan and Frunzio, Luigi and Girvin, S. M. and Jiang, L. and Mirrahimi, Mazyar and Devoret, M. H. and Schoelkopf, R. J.},
  year = {2016},
  month = aug,
  journal = {Nature},
  volume = {536},
  number = {7617},
  pages = {441--445},
  publisher = {Nature Publishing Group},
  issn = {1476-4687},
  doi = {10.1038/nature18949},
  urldate = {2024-09-02},
  copyright = {2016 Macmillan Publishers Limited, part of Springer Nature. All rights reserved.},
  langid = {english},
  keywords = {Quantum information,Qubits}
}

@misc{okada_efficient_2019,
  title = {Efficient Quantum and Simulated Annealing of {{Potts}} Models Using a Half-Hot Constraint},
  author = {Okada, Shuntaro and Ohzeki, Masayuki and Tanaka, Kazuyuki},
  year = {2019},
  month = apr,
  journal = {arXiv.org},
  doi = {10.7566/JPSJ.89.094801},
  urldate = {2024-10-09},
  langid = {english}
}

@article{owens_quarterflux_2018,
  title = {Quarter-Flux {{Hofstadter}} Lattice in a Qubit-Compatible Microwave Cavity Array},
  author = {Owens, Clai and LaChapelle, Aman and Saxberg, Brendan and Anderson, Brandon M. and Ma, Ruichao and Simon, Jonathan and Schuster, David I.},
  year = {2018},
  month = jan,
  journal = {Phys. Rev. A},
  volume = {97},
  number = {1},
  pages = {013818},
  publisher = {American Physical Society},
  doi = {10.1103/PhysRevA.97.013818},
  urldate = {2025-08-22}
}

@article{pedernales_quantum_2015,
  title = {Quantum {{Rabi Model}} with {{Trapped Ions}}},
  author = {Pedernales, J. S. and Lizuain, I. and Felicetti, S. and Romero, G. and Lamata, L. and Solano, E.},
  year = {2015},
  month = oct,
  journal = {Sci Rep},
  volume = {5},
  number = {1},
  pages = {15472},
  publisher = {Nature Publishing Group},
  issn = {2045-2322},
  doi = {10.1038/srep15472},
  urldate = {2024-08-28},
  copyright = {2015 The Author(s)},
  langid = {english},
  keywords = {Atomic and molecular interactions with photons,Quantum simulation}
}

@misc{proctor_quantum_2019,
  title = {Quantum Information with General Quantum Variables: A Formalism Encompassing Qubits, Qudits, and Quantum Continuous Variables},
  shorttitle = {Quantum Information with General Quantum Variables},
  author = {Proctor, Timothy J.},
  year = {2019},
  month = mar,
  number = {arXiv:1903.08545},
  eprint = {1903.08545},
  primaryclass = {quant-ph},
  publisher = {arXiv},
  urldate = {2023-08-17},
  archiveprefix = {arXiv},
  keywords = {Quantum Physics}
}

@article{puebla_protected_2017,
  title = {Protected Ultrastrong Coupling Regime of the Two-Photon Quantum {{Rabi}} Model with Trapped Ions},
  author = {Puebla, Ricardo and Hwang, Myung-Joong and Casanova, Jorge and Plenio, Martin B.},
  year = {2017},
  month = jun,
  journal = {Phys. Rev. A},
  volume = {95},
  number = {6},
  pages = {063844},
  publisher = {American Physical Society},
  doi = {10.1103/PhysRevA.95.063844},
  urldate = {2024-08-28}
}

@article{rasmussen_controllable_2019,
  title = {Controllable Two-Qubit Swapping Gate Using Superconducting Circuits},
  author = {Rasmussen, S. E. and Christensen, K. S. and Zinner, N. T.},
  year = {2019},
  month = apr,
  journal = {Phys. Rev. B},
  volume = {99},
  number = {13},
  pages = {134508},
  publisher = {American Physical Society},
  doi = {10.1103/PhysRevB.99.134508},
  urldate = {2024-10-10}
}

@article{ricco_reshaping_2022,
  title = {Reshaping the {{Jaynes-Cummings}} Ladder with {{Majorana}} Bound States},
  author = {Ricco, L. S. and Kozin, V. K. and Seridonio, A. C. and Shelykh, I. A.},
  year = {2022},
  month = aug,
  journal = {Phys. Rev. A},
  volume = {106},
  number = {2},
  pages = {023702},
  publisher = {American Physical Society},
  doi = {10.1103/PhysRevA.106.023702},
  urldate = {2025-08-12}
}

@article{roth_introduction_2023,
  title = {An {{Introduction}} to the {{Transmon Qubit}} for {{Electromagnetic Engineers}}},
  author = {Roth, Thomas E. and Ma, Ruichao and Chew, Weng C.},
  year = {2023},
  month = apr,
  journal = {IEEE Antennas Propag. Mag.},
  volume = {65},
  number = {2},
  primaryclass = {quant-ph},
  pages = {8--20},
  issn = {1045-9243, 1558-4143},
  urldate = {2024-04-17},
  archiveprefix = {arXiv},
  keywords = {Quantum Physics}
}

@article{roushan_chiral_2017,
  title = {Chiral Ground-State Currents of Interacting Photons in a Synthetic Magnetic Field},
  author = {Roushan, P. and Neill, C. and Megrant, A. and Chen, Y. and Babbush, R. and Barends, R. and Campbell, B. and Chen, Z. and Chiaro, B. and Dunsworth, A. and Fowler, A. and Jeffrey, E. and Kelly, J. and Lucero, E. and Mutus, J. and O'Malley, P. J. J. and Neeley, M. and Quintana, C. and Sank, D. and Vainsencher, A. and Wenner, J. and White, T. and Kapit, E. and Neven, H. and Martinis, J.},
  year = {2017},
  month = feb,
  journal = {Nature Phys},
  volume = {13},
  number = {2},
  pages = {146--151},
  publisher = {Nature Publishing Group},
  issn = {1745-2481},
  doi = {10.1038/nphys3930},
  urldate = {2025-08-22},
  copyright = {2016 Springer Nature Limited},
  langid = {english},
  keywords = {Quantum mechanics,Quantum physics}
}

@article{schneider_experimental_2012,
  title = {Experimental Quantum Simulations of Many-Body Physics with Trapped Ions},
  author = {Schneider, Ch and Porras, Diego and Schaetz, Tobias},
  year = {2012},
  month = feb,
  journal = {Rep. Prog. Phys.},
  volume = {75},
  number = {2},
  pages = {024401},
  issn = {0034-4885, 1361-6633},
  doi = {10.1088/0034-4885/75/2/024401},
  urldate = {2024-10-24},
  langid = {english}
}

@article{schneider_experimental_2012a,
  title = {Experimental Quantum Simulations of Many-Body Physics with Trapped Ions},
  author = {Schneider, Ch and Porras, Diego and Schaetz, Tobias},
  year = {2012},
  month = feb,
  journal = {Rep. Prog. Phys.},
  volume = {75},
  number = {2},
  pages = {024401},
  issn = {0034-4885, 1361-6633},
  doi = {10.1088/0034-4885/75/2/024401},
  urldate = {2025-08-24},
  langid = {english}
}

@article{scholl_quantum_2021,
  title = {Quantum Simulation of {{2D}} Antiferromagnets with Hundreds of {{Rydberg}} Atoms},
  author = {Scholl, Pascal and Schuler, Michael and Williams, Hannah J. and Eberharter, Alexander A. and Barredo, Daniel and Schymik, Kai-Niklas and Lienhard, Vincent and Henry, Louis-Paul and Lang, Thomas C. and Lahaye, Thierry and L{\"a}uchli, Andreas M. and Browaeys, Antoine},
  year = {2021},
  month = jul,
  journal = {Nature},
  volume = {595},
  number = {7866},
  pages = {233--238},
  publisher = {Nature Publishing Group},
  issn = {1476-4687},
  doi = {10.1038/s41586-021-03585-1},
  urldate = {2025-08-12},
  copyright = {2021 The Author(s), under exclusive licence to Springer Nature Limited},
  langid = {english},
  keywords = {Phase transitions and critical phenomena,Quantum simulation,Ultracold gases}
}

@article{sedov_chiral_2020,
  title = {Chiral {{Waveguide Optomechanics}}: {{First Order Quantum Phase Transitions}} with \$\{{\textbackslash}mathbb\{\vphantom{\}\}}{{Z}}\vphantom\{\}\vphantom\{\}\_\{3\}\$ {{Symmetry Breaking}}},
  shorttitle = {Chiral {{Waveguide Optomechanics}}},
  author = {Sedov, D.D. and Kozin, V.K. and Iorsh, I.V.},
  year = {2020},
  month = dec,
  journal = {Phys. Rev. Lett.},
  volume = {125},
  number = {26},
  pages = {263606},
  publisher = {American Physical Society},
  doi = {10.1103/PhysRevLett.125.263606},
  urldate = {2024-03-01}
}

@article{semeghini_probing_2021,
  title = {Probing Topological Spin Liquids on a Programmable Quantum Simulator},
  author = {Semeghini, G. and Levine, H. and Keesling, A. and Ebadi, S. and Wang, T. T. and Bluvstein, D. and Verresen, R. and Pichler, H. and Kalinowski, M. and Samajdar, R. and Omran, A. and Sachdev, S. and Vishwanath, A. and Greiner, M. and Vuleti{\'c}, V. and Lukin, M. D.},
  year = {2021},
  month = dec,
  journal = {Science},
  volume = {374},
  number = {6572},
  pages = {1242--1247},
  publisher = {American Association for the Advancement of Science},
  doi = {10.1126/science.abi8794},
  urldate = {2025-08-12}
}

@article{shafranjuk_twoqubit_2006,
  title = {Two-Qubit Gate Based on a Multiterminal Double-Barrier {{Josephson}} Junction},
  author = {Shafranjuk, S. E.},
  year = {2006},
  month = jul,
  journal = {Phys. Rev. B},
  volume = {74},
  number = {2},
  pages = {024521},
  publisher = {American Physical Society},
  doi = {10.1103/PhysRevB.74.024521},
  urldate = {2024-10-10}
}

@article{shnirman_quantum_1997,
  title = {Quantum {{Manipulations}} of {{Small Josephson Junctions}}},
  author = {Shnirman, Alexander and Schoen, Gerd and Hermon, Ziv},
  year = {1997},
  month = sep,
  journal = {Phys. Rev. Lett.},
  volume = {79},
  number = {12},
  pages = {2371--2374},
  issn = {0031-9007, 1079-7114},
  urldate = {2024-08-23},
  archiveprefix = {arXiv},
  keywords = {Condensed Matter - Mesoscale and Nanoscale Physics,Quantum Physics}
}

@article{siewert_aspects_2000,
  title = {Aspects of {{Qubit Dynamics}} in the {{Presence}} of {{Leakage}}},
  author = {Siewert, Jens and Fazio, Rosario and Palma, G. Massimo and Sciacca, Emilio},
  year = {2000},
  month = mar,
  journal = {Journal of Low Temperature Physics},
  volume = {118},
  number = {5},
  pages = {795--804},
  issn = {1573-7357},
  doi = {10.1023/A:1004612016347},
  urldate = {2024-05-16},
  langid = {english},
  keywords = {Computational Space,Elementary Unit,Magnetic Material,Promising System,Quantum State}
}

@article{skogvoll_tunable_2021,
  title = {Tunable {{Anisotropic Quantum Rabi Model}} via a {{Magnon}}--{{Spin-Qubit Ensemble}}},
  author = {Skogvoll, Ida C. and Lidal, Jonas and Danon, Jeroen and Kamra, Akashdeep},
  year = {2021},
  month = dec,
  journal = {Phys. Rev. Applied},
  volume = {16},
  number = {6},
  pages = {064008},
  issn = {2331-7019},
  doi = {10.1103/PhysRevApplied.16.064008},
  urldate = {2024-08-28},
  langid = {english}
}

@article{sliwa_reconfigurable_2015,
  title = {Reconfigurable {{Josephson Circulator}}/{{Directional Amplifier}}},
  author = {Sliwa, K. M. and Hatridge, M. and Narla, A. and Shankar, S. and Frunzio, L. and Schoelkopf, R. J. and Devoret, M. H.},
  year = {2015},
  month = nov,
  journal = {Phys. Rev. X},
  volume = {5},
  number = {4},
  pages = {041020},
  publisher = {American Physical Society},
  doi = {10.1103/PhysRevX.5.041020},
  urldate = {2025-08-24}
}

@article{song_generation_2019,
  title = {Generation of Multicomponent Atomic {{Schr{\"o}dinger}} Cat States of up to 20 Qubits},
  author = {Song, Chao and Xu, Kai and Li, Hekang and Zhang, Yu-Ran and Zhang, Xu and Liu, Wuxin and Guo, Qiujiang and Wang, Zhen and Ren, Wenhui and Hao, Jie and Feng, Hui and Fan, Heng and Zheng, Dongning and Wang, Da-Wei and Wang, H. and Zhu, Shi-Yao},
  year = {2019},
  month = aug,
  journal = {Science},
  volume = {365},
  number = {6453},
  pages = {574--577},
  publisher = {American Association for the Advancement of Science},
  doi = {10.1126/science.aay0600},
  urldate = {2024-08-23}
}

@article{tan_domainwall_2021,
  title = {Domain-Wall Confinement and Dynamics in a Quantum Simulator},
  author = {Tan, W. L. and Becker, P. and Liu, F. and Pagano, G. and Collins, K. S. and De, A. and Feng, L. and Kaplan, H. B. and Kyprianidis, A. and Lundgren, R. and Morong, W. and Whitsitt, S. and Gorshkov, A. V. and Monroe, C.},
  year = {2021},
  month = jun,
  journal = {Nat. Phys.},
  volume = {17},
  number = {6},
  pages = {742--747},
  publisher = {Nature Publishing Group},
  issn = {1745-2481},
  doi = {10.1038/s41567-021-01194-3},
  urldate = {2025-08-12},
  copyright = {2021 The Author(s), under exclusive licence to Springer Nature Limited part of Springer Nature},
  langid = {english},
  keywords = {Atomic and molecular physics,Condensed-matter physics,Quantum simulation}
}

@article{teixeira_edge_2022,
  title = {Edge \$\{{\textbackslash}mathbb\{\vphantom{\}\}}{{Z}}\vphantom\{\}\vphantom\{\}\_\{3\}\$ Parafermions in Fermionic Lattices},
  author = {Teixeira, Raphael L. R. C. and {Dias da Silva}, Luis G. G. V.},
  year = {2022},
  month = may,
  journal = {Phys. Rev. B},
  volume = {105},
  number = {19},
  pages = {195121},
  publisher = {American Physical Society},
  doi = {10.1103/PhysRevB.105.195121},
  urldate = {2024-03-05}
}

@article{temperley_relations_1971,
  title = {Relations between the `Percolation' and `Colouring' Problem and Other Graph-Theoretical Problems Associated with Regular Planar Lattices: Some Exact Results for the `Percolation' Problem},
  shorttitle = {Relations between the `Percolation' and `Colouring' Problem and Other Graph-Theoretical Problems Associated with Regular Planar Lattices},
  author = {Temperley, H. N. V. and Lieb, Elliott H and Edwards, Samuel Frederick},
  year = {1971},
  month = apr,
  journal = {Proc. R. Soc. Lond. Math. Phys. Sci.},
  volume = {322},
  number = {1549},
  pages = {251--280},
  publisher = {Royal Society},
  doi = {10.1098/rspa.1971.0067},
  urldate = {2022-04-01}
}

@phdthesis{timm_dynamics_2023,
  type = {{{DoctoralThesis}}},
  title = {Dynamics of Ion {{Coulomb}} Crystals},
  author = {Timm, Lars},
  year = {2023},
  doi = {10.15488/16052},
  urldate = {2024-10-24},
  copyright = {CC BY 3.0 DE},
  langid = {english},
  school = {Hannover : Institutionelles Repositorium der Leibniz Universit{\"a}t Hannover}
}

@article{valentini_parityconserving_2024,
  title = {Parity-Conserving {{Cooper-pair}} Transport and Ideal Superconducting Diode in Planar Germanium},
  author = {Valentini, Marco and Sagi, Oliver and Baghumyan, Levon and {de Gijsel}, Thijs and Jung, Jason and Calcaterra, Stefano and Ballabio, Andrea and Aguilera Servin, Juan and Aggarwal, Kushagra and Janik, Marian and Adletzberger, Thomas and Seoane Souto, Rub{\'e}n and Leijnse, Martin and Danon, Jeroen and Schrade, Constantin and Bakkers, Erik and Chrastina, Daniel and Isella, Giovanni and Katsaros, Georgios},
  year = {2024},
  month = jan,
  journal = {Nat Commun},
  volume = {15},
  number = {1},
  pages = {169},
  publisher = {Nature Publishing Group},
  issn = {2041-1723},
  doi = {10.1038/s41467-023-44114-0},
  urldate = {2024-10-17},
  copyright = {2024 The Author(s)},
  langid = {english},
  keywords = {Superconducting devices,Superconducting properties and materials}
}

@article{vandiepen_quantum_2021,
  title = {Quantum {{Simulation}} of {{Antiferromagnetic Heisenberg Chain}} with {{Gate-Defined Quantum Dots}}},
  author = {{van Diepen}, C. J. and Hsiao, T.-K. and Mukhopadhyay, U. and Reichl, C. and Wegscheider, W. and Vandersypen, L. M. K.},
  year = {2021},
  month = nov,
  journal = {Phys. Rev. X},
  volume = {11},
  number = {4},
  pages = {041025},
  publisher = {American Physical Society},
  doi = {10.1103/PhysRevX.11.041025},
  urldate = {2025-08-12}
}

@article{vanloo_photonmediated_2013,
  title = {Photon-{{Mediated Interactions Between Distant Artificial Atoms}}},
  author = {{van Loo}, Arjan F. and Fedorov, Arkady and Lalumi{\`e}re, Kevin and Sanders, Barry C. and Blais, Alexandre and Wallraff, Andreas},
  year = {2013},
  month = dec,
  journal = {Science},
  volume = {342},
  number = {6165},
  pages = {1494--1496},
  publisher = {American Association for the Advancement of Science},
  doi = {10.1126/science.1244324},
  urldate = {2025-08-18}
}

@article{vermersch_implementation_2016,
  title = {Implementation of Chiral Quantum Optics with {{Rydberg}} and Trapped-Ion Setups},
  author = {Vermersch, Beno{\^i}t and Ramos, Tom{\'a}s and Hauke, Philipp and Zoller, Peter},
  year = {2016},
  month = jun,
  journal = {Phys. Rev. A},
  volume = {93},
  number = {6},
  pages = {063830},
  publisher = {American Physical Society},
  doi = {10.1103/PhysRevA.93.063830},
  urldate = {2025-08-24}
}

@article{vlasiuk_cavityinduced_2023,
  title = {Cavity-Induced Charge Transfer in Periodic Systems: {{Length-gauge}} Formalism},
  shorttitle = {Cavity-Induced Charge Transfer in Periodic Systems},
  author = {Vlasiuk, Ekaterina and Kozin, Valerii K. and Klinovaja, Jelena and Loss, Daniel and Iorsh, Ivan V. and Tokatly, Ilya V.},
  year = {2023},
  month = aug,
  journal = {Phys. Rev. B},
  volume = {108},
  number = {8},
  pages = {085410},
  publisher = {American Physical Society},
  doi = {10.1103/PhysRevB.108.085410},
  urldate = {2025-05-02}
}

@article{vlastakis_deterministically_2013,
  title = {Deterministically {{Encoding Quantum Information Using}} 100-{{Photon Schr{\"o}dinger Cat States}}},
  author = {Vlastakis, Brian and Kirchmair, Gerhard and Leghtas, Zaki and Nigg, Simon E. and Frunzio, Luigi and Girvin, S. M. and Mirrahimi, Mazyar and Devoret, M. H. and Schoelkopf, R. J.},
  year = {2013},
  month = nov,
  journal = {Science},
  volume = {342},
  number = {6158},
  pages = {607--610},
  issn = {0036-8075, 1095-9203},
  doi = {10.1126/science.1243289},
  urldate = {2024-08-23},
  langid = {english}
}

@article{wang_experimental_2022,
  title = {Experimental Realization of an Extended {{Fermi-Hubbard}} Model Using a {{2D}} Lattice of Dopant-Based Quantum Dots},
  author = {Wang, Xiqiao and Khatami, Ehsan and Fei, Fan and Wyrick, Jonathan and Namboodiri, Pradeep and Kashid, Ranjit and Rigosi, Albert F. and Bryant, Garnett and Silver, Richard},
  year = {2022},
  month = nov,
  journal = {Nat Commun},
  volume = {13},
  number = {1},
  pages = {6824},
  publisher = {Nature Publishing Group},
  issn = {2041-1723},
  doi = {10.1038/s41467-022-34220-w},
  urldate = {2025-08-12},
  copyright = {2022 This is a U.S. Government work and not under copyright protection in the US; foreign copyright protection may apply},
  langid = {english},
  keywords = {Quantum information,Quantum simulation}
}

@article{wang_probing_2023,
  title = {Probing Resonating Valence Bonds on a Programmable Germanium Quantum Simulator},
  author = {Wang, Chien-An and D{\'e}prez, Corentin and Tidjani, Hanifa and Lawrie, William I. L. and Hendrickx, Nico W. and Sammak, Amir and Scappucci, Giordano and Veldhorst, Menno},
  year = {2023},
  month = jun,
  journal = {npj Quantum Inf},
  volume = {9},
  number = {1},
  pages = {58},
  publisher = {Nature Publishing Group},
  issn = {2056-6387},
  doi = {10.1038/s41534-023-00727-3},
  urldate = {2025-08-12},
  copyright = {2023 The Author(s)},
  langid = {english},
  keywords = {Quantum simulation,Qubits}
}

@article{wang_qudits_2020,
  title = {Qudits and {{High-Dimensional Quantum Computing}}},
  author = {Wang, Yuchen and Hu, Zixuan and Sanders, Barry C. and Kais, Sabre},
  year = {2020},
  month = nov,
  journal = {Front. Phys.},
  volume = {8},
  pages = {589504},
  publisher = {Frontiers},
  issn = {2296-424X},
  doi = {10.3389/fphy.2020.589504},
  urldate = {2024-08-20},
  langid = {english},
  keywords = {Quantum computing,Quantum information,Qudit algorithm,Qudit gates,Qudit implementation}
}

@article{wang_realizing_2015,
  title = {Realizing and Characterizing Chiral Photon Flow in a Circuit Quantum Electrodynamics Necklace},
  author = {Wang, Yan-Pu and Wang, Wei and Xue, Zheng-Yuan and Yang, Wan-Li and Hu, Yong and Wu, Ying},
  year = {2015},
  month = feb,
  journal = {Sci Rep},
  volume = {5},
  number = {1},
  pages = {8352},
  publisher = {Nature Publishing Group},
  issn = {2045-2322},
  doi = {10.1038/srep08352},
  urldate = {2024-05-16},
  copyright = {2015 The Author(s)},
  langid = {english},
  keywords = {Quantum optics,Quantum simulation,Single photons and quantum effects}
}

@misc{wauters_engineering_2024,
  title = {Engineering a {{Josephson}} Junction Chain for the Simulation of the Clock Model},
  author = {Wauters, Matteo M. and Maffi, Lorenzo and Burrello, Michele},
  year = {2024},
  month = aug,
  number = {arXiv:2408.14549},
  eprint = {2408.14549},
  primaryclass = {cond-mat, physics:quant-ph},
  publisher = {arXiv},
  urldate = {2024-10-11},
  archiveprefix = {arXiv},
  keywords = {Condensed Matter - Mesoscale and Nanoscale Physics,Condensed Matter - Strongly Correlated Electrons,Quantum Physics}
}

@misc{wendin_superconducting_2005,
  title = {Superconducting {{Quantum Circuits}}, {{Qubits}} and {{Computing}}},
  author = {Wendin, G. and Shumeiko, V. S.},
  year = {2005},
  month = aug,
  number = {arXiv:cond-mat/0508729},
  eprint = {cond-mat/0508729},
  publisher = {arXiv},
  urldate = {2024-04-16},
  archiveprefix = {arXiv},
  keywords = {Condensed Matter - Superconductivity}
}

@article{weyl_quantenmechanik_1927,
  title = {{Quantenmechanik und Gruppentheorie}},
  author = {Weyl, H.},
  year = {1927},
  month = nov,
  journal = {Z. Physik},
  volume = {46},
  number = {1},
  pages = {1--46},
  issn = {0044-3328},
  doi = {10.1007/BF02055756},
  urldate = {2025-06-05},
  langid = {ngerman},
  keywords = {Group Level Phenomena,Group Theory and Generalizations,Mathematical Methods in Physics,Mathematical Physics,Quantum Theory,Topological Groups and Lie Groups}
}

@article{wigner_quantum_1932,
  title = {On the {{Quantum Correction For Thermodynamic Equilibrium}}},
  author = {Wigner, E.},
  year = {1932},
  month = jun,
  journal = {Phys. Rev.},
  volume = {40},
  number = {5},
  pages = {749--759},
  publisher = {American Physical Society},
  doi = {10.1103/PhysRev.40.749},
  urldate = {2025-06-05}
}

@article{wootters_wignerfunction_1987,
  title = {A {{Wigner-function}} Formulation of Finite-State Quantum Mechanics},
  author = {Wootters, William K},
  year = {1987},
  month = may,
  journal = {Annals of Physics},
  volume = {176},
  number = {1},
  pages = {1--21},
  issn = {0003-4916},
  doi = {10.1016/0003-4916(87)90176-X},
  urldate = {2025-06-05}
}

@article{wu_potts_1982,
  title = {The {{Potts}} Model},
  author = {Wu, F. Y.},
  year = {1982},
  month = jan,
  journal = {Rev. Mod. Phys.},
  volume = {54},
  number = {1},
  pages = {235--268},
  publisher = {American Physical Society},
  doi = {10.1103/RevModPhys.54.235},
  urldate = {2024-10-24}
}

@article{yoshihara_superconducting_2017,
  title = {Superconducting Qubit--Oscillator Circuit beyond the Ultrastrong-Coupling Regime},
  author = {Yoshihara, Fumiki and Fuse, Tomoko and Ashhab, Sahel and Kakuyanagi, Kosuke and Saito, Shiro and Semba, Kouichi},
  year = {2017},
  month = jan,
  journal = {Nature Phys},
  volume = {13},
  number = {1},
  pages = {44--47},
  publisher = {Nature Publishing Group},
  issn = {1745-2481},
  doi = {10.1038/nphys3906},
  urldate = {2024-08-28},
  copyright = {2016 Springer Nature Limited},
  langid = {english},
  keywords = {Quantum information,Qubits,Single photons and quantum effects}
}

@article{yurke_quantum_1984,
  title = {Quantum Network Theory},
  author = {Yurke, Bernard and Denker, John S.},
  year = {1984},
  month = mar,
  journal = {Phys. Rev. A},
  volume = {29},
  number = {3},
  pages = {1419--1437},
  publisher = {American Physical Society},
  doi = {10.1103/PhysRevA.29.1419},
  urldate = {2024-04-17}
}

@article{zak_doubling_2011,
  title = {Doubling Feature of the {{Wigner}} Function: Finite Phase Space},
  shorttitle = {Doubling Feature of the {{Wigner}} Function},
  author = {Zak, J},
  year = {2011},
  month = aug,
  journal = {J. Phys. A: Math. Theor.},
  volume = {44},
  number = {34},
  pages = {345305},
  publisher = {IOP Publishing},
  issn = {1751-8121},
  doi = {10.1088/1751-8113/44/34/345305},
  urldate = {2025-06-05},
  langid = {english}
}

@article{zazunov_andreev_2003,
  title = {Andreev {{Level Qubit}}},
  author = {Zazunov, A. and Shumeiko, V. S. and Bratus', E. N. and Lantz, J. and Wendin, G.},
  year = {2003},
  month = feb,
  journal = {Phys. Rev. Lett.},
  volume = {90},
  number = {8},
  pages = {087003},
  publisher = {American Physical Society},
  doi = {10.1103/PhysRevLett.90.087003},
  urldate = {2024-04-16}
}

@article{zazunov_dynamics_2005,
  title = {Dynamics and Phonon-Induced Decoherence of {{Andreev}} Level Qubit},
  author = {Zazunov, A. and Shumeiko, V. S. and Wendin, G. and Bratus', E. N.},
  year = {2005},
  month = jun,
  journal = {Phys. Rev. B},
  volume = {71},
  number = {21},
  pages = {214505},
  publisher = {American Physical Society},
  doi = {10.1103/PhysRevB.71.214505},
  urldate = {2024-04-16}
}

@article{zhang_z_n_2014,
  title = {\${{Z}}\_{{N}}\$ Symmetric Chiral {{Rabi}} Model: A New \${{N}}\$-Level System},
  shorttitle = {\${{Z}}\_{{N}}\$ Symmetric Chiral {{Rabi}} Model},
  author = {Zhang, Yao-Zhong},
  year = {2014},
  month = aug,
  journal = {Annals of Physics},
  volume = {347},
  primaryclass = {cond-mat, physics:math-ph, physics:quant-ph},
  pages = {122--129},
  issn = {00034916},
  urldate = {2024-04-15},
  archiveprefix = {arXiv},
  keywords = {Condensed Matter - Other Condensed Matter,Mathematical Physics,Quantum Physics}
}

@article{zhang_analytical_2011,
  title = {Analytical Ground State for the {{Jaynes-Cummings}} Model with Ultrastrong Coupling},
  author = {Zhang, Yuanwei and Chen, Gang and Yu, Lixian and Liang, Qifeng and Liang, J.-Q. and Jia, Suotang},
  year = {2011},
  month = jun,
  journal = {Phys. Rev. A},
  volume = {83},
  number = {6},
  pages = {065802},
  publisher = {American Physical Society},
  doi = {10.1103/PhysRevA.83.065802},
  urldate = {2024-08-20}
}

@article{zhang_observation_2017,
  title = {Observation of a Discrete Time Crystal},
  author = {Zhang, J. and Hess, P. W. and Kyprianidis, A. and Becker, P. and Lee, A. and Smith, J. and Pagano, G. and Potirniche, I.-D. and Potter, A. C. and Vishwanath, A. and Yao, N. Y. and Monroe, C.},
  year = {2017},
  month = mar,
  journal = {Nature},
  volume = {543},
  number = {7644},
  pages = {217--220},
  publisher = {Nature Publishing Group},
  issn = {1476-4687},
  doi = {10.1038/nature21413},
  urldate = {2025-08-12},
  copyright = {2017 Macmillan Publishers Limited, part of Springer Nature. All rights reserved.},
  langid = {english},
  keywords = {Phase transitions and critical phenomena,Quantum information,Quantum simulation}
}

@article{zhou_quantum_2003,
  title = {Quantum Computation Based on D-Level Cluster State},
  author = {Zhou, D. L. and Zeng, B. and Xu, Z. and Sun, C. P.},
  year = {2003},
  month = dec,
  journal = {Phys. Rev. A},
  volume = {68},
  number = {6},
  pages = {062303},
  publisher = {American Physical Society},
  doi = {10.1103/PhysRevA.68.062303},
  urldate = {2023-08-17}
}
